@article{Muller:2013:RTD:2461912.2461934,
 author = {M\"{u}ller, Matthias and Chentanez, Nuttapong and Kim, Tae-Yong},
 title = {Real Time Dynamic Fracture with Volumetric Approximate Convex Decompositions},
 journal = {ACM Trans. Graph.},
 issue_date = {July 2013},
 volume = {32},
 number = {4},
 month = jul,
 year = {2013},
 issn = {0730-0301},
 pages = {115:1--115:10},
 articleno = {115},
 numpages = {10},
 url = {http://doi.acm.org/10.1145/2461912.2461934},
 doi = {10.1145/2461912.2461934},
 acmid = {2461934},
 publisher = {ACM},
 address = {New York, NY, USA},
 keywords = {Voronoi, destruction, fracture, real time},
}

@misc{Ray-tracing,
  Author = {Benton, Alex},
  Institution = {University of Cambridge},
  Howpublished = {Advanced Graphics Lecture},
  Year = {2015},
  Title = {Ray Tracing - All the Maths},
  pages = {13}
}

@article{Schwarz:2010:Vox,
    author  = {Michael Schwarz and Hans-Peter Seidel},
    title   = {Fast Parallel Surface and Solid Voxelization on {GPUs}},
    journal = {ACM Transactions on Graphics},
    volume  = {29},
    number  = {6} # { (Proceedings of SIGGRAPH Asia 2010)},
    year    = {2010},
    month   = dec,
    pages   = {179:1-179:9}
}

@misc{Tetrahedra,
  author = {Bourke, Paul},
  title = {Polygonising a Scalar Field Using Tetrahedrons},
  howpublished = {\url{http://paulbourke.net/geometry/polygonise/}},
  note = {Last Accessed: 2015-04-12}
}

@misc{CPUVoxel,
  author = {Vincenzo Giovanni Comito},
  title = {Voxelization in Unity},
  howpublished = {\url{http://nihilistdev.blogspot.co.uk/2012/08/voxelization-in-unity.html}},
  note = {Last Accessed: 2015-04-12}
}

@misc{Tetrahedra-CPU,
  author = {Scrawk},
  title = {Marching Cubes Plugin for Unity},
  howpublished = {\url{http://scrawkblog.com/2013/04/01/marching-cubes-plugin-for-unity/}},
  note = {Last Accessed: 2015-04-12}
}

@article{niessner2013collision,
  author = {Matthias Nie{\ss}ner and Christian Siegl and Henry Sch\"afer and Charles Loop},
  title = {Real-time Collision Detection for Dynamic Hardware Tessellated Objects}, 
  publisher = {EG},
  year = {2013}
}

@misc{Procedural-World,
  author = {Cepero, Miguel},
  title = {Procedural World},
  howpublished = {\url{http://procworld.blogspot.co.uk/}},
  note = {Last Accessed: 2015-04-12}
}

@misc{Appetite,
  author = {Cepero, Miguel},
  title = {Appetite for Destruction},
  howpublished = {\url{http://procworld.blogspot.co.uk/2014/08/appetite-for-destruction.html}},
  note = {Last Accessed: 2015-04-12}
}

@misc{Meshinator,
  author = {MD},
  title = {Meshinator},
  howpublished = {\url{http://meshinator.blogspot.co.uk/}},
  note = {Last Accessed: 2015-04-12}
}

@book{Engel:2012:GPA:2331213,
 author = {Engel, Wolfgang},
 title = {GPU PRO 3: Advanced Rendering Techniques},
 year = {2012},
 isbn = {1439887829, 9781439887820},
 edition = {1st},
 publisher = {A. K. Peters, Ltd.},
 address = {Natick, MA, USA},
}

@misc{DirectCompute,
  author = {Scrawk},
  title = {DirectCompute Tutorial for Unity},
  howpublished = {\url{https://scrawkblog.files.wordpress.com/2013/04/marchingtetrahedrons.jpg}},
  note = {Last Accessed: 2015-04-12}
}

@misc{ScrawkMarching,
  author = {Scrawk},
  title = {marchingtetrahedrons.jpg},
  howpublished = {\url{http://scrawkblog.com/2014/06/24/directcompute-tutorial-for-unity-introduction/}},
  note = {Last Accessed: 2015-04-12}
}

@article{Bentley:1975:MBS:361002.361007,
 author = {Bentley, Jon Louis},
 title = {Multidimensional Binary Search Trees Used for Associative Searching},
 journal = {Commun. ACM},
 issue_date = {Sept. 1975},
 volume = {18},
 number = {9},
 month = sep,
 year = {1975},
 issn = {0001-0782},
 pages = {509--517},
 numpages = {9},
 url = {http://doi.acm.org/10.1145/361002.361007},
 doi = {10.1145/361002.361007},
 acmid = {361007},
 publisher = {ACM},
 address = {New York, NY, USA},
 keywords = {associative retrieval, attribute, binary search trees, binary tree insertion, information retrieval system, intersection queries, key, nearest neighbor queries, partial match queries},
}

@misc{kdtree,
  author = {Andeeeee},
  title = {Point Nearest Neighbour Search Class},
  howpublished = {\url{http://forum.unity3d.com/threads/point-nearest-neighbour-search-class.29923/}},
  note = {Last Accessed: 2015-04-12}
}

@inproceedings{Lorensen:1987:MCH:37401.37422,
 author = {Lorensen, William E. and Cline, Harvey E.},
 title = {Marching Cubes: A High Resolution 3D Surface Construction Algorithm},
 booktitle = {Proceedings of the 14th Annual Conference on Computer Graphics and Interactive Techniques},
 series = {SIGGRAPH '87},
 year = {1987},
 isbn = {0-89791-227-6},
 pages = {163--169},
 numpages = {7},
 url = {http://doi.acm.org/10.1145/37401.37422},
 doi = {10.1145/37401.37422},
 acmid = {37422},
 publisher = {ACM},
 address = {New York, NY, USA},
}

@misc{voronoipict,
 author  = {Wikimedia Commons},
 title   = {Euclidean Voronoi diagram},
 howpublished     = {\url{http://commons.wikimedia.org/wiki/File:Euclidean_Voronoi_diagram.svg}},
 note = {Last Accessed: 2015-04-12}
}

@misc{marchingpict,
 author  = {Wikimedia Commons},
 title   = {Marching tetrahedrons},
 howpublished     = {\url{http://commons.wikimedia.org/wiki/File:Marching_tetrahedrons.png}},
 note = {Last Accessed: 2015-04-12}
}

@misc{frametime,
 author  = {Dunlop, Robert},
 title   = {FPS vs Frame time},
 howpublished     = {\url{https://www.mvps.org/directx/articles/fps_versus_frame_time.htm}},
 note = {Last Accessed: 2015-04-12}
}

@inproceedings{Gibson:1998:CES:646921.709482,
 author = {Gibson, Sarah F. Frisken},
 title = {Constrained Elastic Surface Nets: Generating Smooth Surfaces from Binary Segmented Data},
 booktitle = {Proceedings of the First International Conference on Medical Image Computing and Computer-Assisted Intervention},
 series = {MICCAI '98},
 year = {1998},
 isbn = {3-540-65136-5},
 pages = {888--898},
 numpages = {11},
 url = {http://dl.acm.org/citation.cfm?id=646921.709482},
 acmid = {709482},
 publisher = {Springer-Verlag},
 address = {London, UK, UK},
} 