@article{niessner2013collision,
author = {Matthias Nie{\ss}ner and Christian Siegl and Henry Sch\"afer and Charles Loop},
title = {Real-time Collision Detection for Dynamic Hardware Tessellated Objects}, 
publisher = {EG},
year = {2013}
}